<collection xmlns="http://www.loc.gov/MARC21/slim">
<record>
  <leader>01408nam0a22003011i 450 </leader>
  <controlfield tag="001">IT\ICCU\CNCE\016794</controlfield>
  <controlfield tag="005">20010807000000.0</controlfield>
  <datafield tag="012" ind1=" " ind2=" ">
    <subfield code="a">-m,s ido, &amp;e-n amo (3) 1588 (R)</subfield>
    <subfield code="2">fei</subfield>
  </datafield>
  <datafield tag="100" ind1=" " ind2=" ">
    <subfield code="a">19970101d1588        0itac0103    ba</subfield>
  </datafield>
  <datafield tag="101" ind1=" " ind2=" ">
    <subfield code="a">LAT</subfield>
  </datafield>
  <datafield tag="102" ind1=" " ind2=" ">
    <subfield code="a">IT</subfield>
  </datafield>
  <datafield tag="200" ind1="1" ind2=" ">
    <subfield code="a">℗D Dionysii ℗Liber utilissimus: De quatuor hominis nouissimis ... item Colloquium de particulari iudicio animarum</subfield>
  </datafield>
  <datafield tag="210" ind1=" " ind2=" ">
    <subfield code="a">Venetiis</subfield>
    <subfield code="c">apud Ioannem Mariam Lenum</subfield>
    <subfield code="d">1588</subfield>
  </datafield>
  <datafield tag="215" ind1=" " ind2=" ">
    <subfield code="a">\16!, 367 c.</subfield>
    <subfield code="d">16ʻ</subfield>
  </datafield>
  <datafield tag="300" ind1=" " ind2=" ">
    <subfield code="a">E&apos; la D198200</subfield>
  </datafield>
  <datafield tag="620" ind1=" " ind2=" ">
    <subfield code="a">IT</subfield>
    <subfield code="d">Venezia</subfield>
  </datafield>
  <datafield tag="700" ind1=" " ind2="0">
    <subfield code="a">Denis</subfield>
    <subfield code="c"> : le#Chartreux</subfield>
    <subfield code="3">IT\ICCU\CNCA\004757</subfield>
  </datafield>
  <datafield tag="712" ind1="0" ind2="0">
    <subfield code="a">Leni, Giovanni Maria</subfield>
    <subfield code="3">IT\ICCU\CNCT\000358</subfield>
    <subfield code="4">650</subfield>
  </datafield>
  <datafield tag="790" ind1=" " ind2="0">
    <subfield code="a">Dionysius</subfield>
    <subfield code="c"> : Carthusianus</subfield>
    <subfield code="3">IT\ICCU\CNCA\004433</subfield>
    <subfield code="z">Denis : le#Chartreux</subfield>
  </datafield>
  <datafield tag="790" ind1=" " ind2="1">
    <subfield code="a">Leuwis,</subfield>
    <subfield code="b">Dionysius : de</subfield>
    <subfield code="3">IT\ICCU\CNCA\004759</subfield>
    <subfield code="z">Denis : le#Chartreux</subfield>
  </datafield>
  <datafield tag="791" ind1="0" ind2="0">
    <subfield code="a">De_Lenis, Ioannes Maria</subfield>
    <subfield code="3">IT\ICCU\CNCT\003924</subfield>
    <subfield code="z">Leni, Giovanni Maria</subfield>
  </datafield>
  <datafield tag="791" ind1="0" ind2="0">
    <subfield code="a">Di_Leno, Giovanni Maria</subfield>
    <subfield code="3">IT\ICCU\CNCT\004939</subfield>
    <subfield code="z">Leni, Giovanni Maria</subfield>
  </datafield>
  <datafield tag="791" ind1="0" ind2="0">
    <subfield code="a">Lenus, Ioannes Maria</subfield>
    <subfield code="3">IT\ICCU\CNCT\004940</subfield>
    <subfield code="z">Leni, Giovanni Maria</subfield>
  </datafield>
  <datafield tag="791" ind1="0" ind2="0">
    <subfield code="a">Lenis, Ioannes Maria de</subfield>
    <subfield code="3">IT\ICCU\CNCT\004941</subfield>
    <subfield code="z">Leni, Giovanni Maria</subfield>
  </datafield>
  <datafield tag="791" ind1="0" ind2="0">
    <subfield code="a">Aleni, Giovanni Maria</subfield>
    <subfield code="3">IT\ICCU\CNCT\006389</subfield>
    <subfield code="z">Leni, Giovanni Maria</subfield>
  </datafield>
  <datafield tag="801" ind1=" " ind2="3">
    <subfield code="a">IT</subfield>
    <subfield code="b">ICCU</subfield>
    <subfield code="c">20201114</subfield>
  </datafield>
  <datafield tag="899" ind1=" " ind2=" ">
    <subfield code="a">Biblioteca dell&apos;Eremo di Camaldoli. Camaldoli - Poppi</subfield>
    <subfield code="1">AR0101</subfield>
    <subfield code="2">CFI EC</subfield>
  </datafield>
  <datafield tag="899" ind1=" " ind2=" ">
    <subfield code="a">Biblioteca Porziuncola. Assisi</subfield>
    <subfield code="z">MUTILO</subfield>
    <subfield code="1">PG0179</subfield>
    <subfield code="2">UM1 36</subfield>
  </datafield>
</record>
</collection>
